<record><leader>00000cas a22000008i 4500</leader><controlfield tag="001">949373509</controlfield><controlfield tag="008">160511c20169999njuqr n       0   e0chi  </controlfield><datafield ind1=" " ind2=" " tag="010"><subfield code="a">  2016200520</subfield></datafield><datafield ind1=" " ind2=" " tag="040"><subfield code="a">DLC</subfield><subfield code="e">rda</subfield><subfield code="c">DLC</subfield><subfield code="b">eng</subfield><subfield code="d">DLC</subfield></datafield><datafield ind1=" " ind2=" " tag="066"><subfield code="c">$1</subfield></datafield><datafield ind1=" " ind2=" " tag="012"><subfield code="l">1</subfield></datafield><datafield ind1="0" ind2=" " tag="022"><subfield code="a">2472-3746</subfield><subfield code="2">1</subfield></datafield><datafield ind1=" " ind2=" " tag="037"><subfield code="b">3 Arrow Dr., Livingston, NJ 07039</subfield></datafield><datafield ind1=" " ind2=" " tag="042"><subfield code="a">msc</subfield></datafield><datafield ind1="1" ind2="0" tag="050"><subfield code="a">ISSN RECORD</subfield></datafield><datafield ind1="0" ind2=" " tag="130"><subfield code="a">Niuyue hua bao (Print)</subfield></datafield><datafield ind1="0" ind2="0" tag="245"><subfield code="6">880-01</subfield><subfield code="a">Niuyue hua bao.</subfield></datafield><datafield ind1=" " ind2=" " tag="263"><subfield code="a">201608</subfield></datafield><datafield ind1=" " ind2="1" tag="264"><subfield code="a">Livingston, NJ :</subfield><subfield code="b">Greyrock Consulting LLC</subfield></datafield><datafield ind1=" " ind2=" " tag="310"><subfield code="a">Quarterly</subfield></datafield><datafield ind1=" " ind2=" " tag="336"><subfield code="a">text</subfield><subfield code="b">txt</subfield><subfield code="2">rdacontent</subfield></datafield><datafield ind1=" " ind2=" " tag="337"><subfield code="a">unmediated</subfield><subfield code="b">n</subfield><subfield code="2">rdamedia</subfield></datafield><datafield ind1=" " ind2=" " tag="338"><subfield code="a">volume</subfield><subfield code="b">nc</subfield><subfield code="2">rdacarrier</subfield></datafield><datafield ind1=" " ind2=" " tag="500"><subfield code="a">Non-Latin script record</subfield></datafield><datafield ind1="0" ind2="8" tag="776"><subfield code="i">Online version:</subfield><subfield code="t">Niuyue hua bao</subfield><subfield code="x">2472-4483</subfield><subfield code="w">(DLC)  2016200525</subfield><subfield code="w">(OCoLC)949376722</subfield></datafield><datafield ind1="4" ind2="1" tag="856"><subfield code="u">http://www.newyorkchinese.us</subfield></datafield><datafield ind1="0" ind2="0" tag="880"><subfield code="6">245-01/$1</subfield><subfield code="a">&#32445; &#32422; &#21326; &#25253;.</subfield></datafield><datafield ind1=" " ind2=" " tag="936"><subfield code="a">PREPUB: Publication expected: Aug. 2016</subfield></datafield></record>